%%%%%%%%%%%%%%%%%%%%%%%%%%%%%%%%%%%%%%%%%%%%%%%%%%%%%%%%%%%%%%%%%%%%%%%%%
%%
%W  manual.bib          Wedderga documentation        Osnel Broche Cristo
%W                                                    Alexander Konovalov
%W                                                        Aurora Olivieri
%W                                                          Ángel del Río
%%
%%
%H  $Id$
%%
%%  manual.bib - BibTeX database file of Wedderga references


%%%%%%%%%%%%%%%%%%%%%%%%%%%%%%%%%%%%%%%%%%%%%%%%%%%%%%%%%%%%%%%%%%%%%%%%%
%%
%E
